@inbook{rogers,
	author="Роджерс Д.",
	title="Алгоритмические основы машинной графики",
	publisher="Мир",
	volume="512",
	chapter="4",
	language="russian",
	year="1989"
}
@misc{delinvis,
title={Удаление скрытых линий и поверхностей [Электронный ресурс]},
url="http://algolist.manual.ru/graphics/delinvis.php",
urldate = {2023-07-10}
}
@inbook{phong,
	title="Phong B. T. Illumination for Computer Generated Pictures",
	year=1975
}
@misc{idef0,
title={Методология IDEF0 [Электронный ресурс]},
url="https://studme.org/87184/ekonomika/metodologiya_idef0",
urldate = {2023-07-15}
}
@misc{tracing,
title={Что такое Ray Tracing или трассировка лучей [Электронный ресурс]},
url="https://club.dns-shop.ru/blog/t-99-videokartyi/30460-chto-takoe-ray-tracing-ili-trassirovka-luchei-chto-daet-i-kak-rabo",
urldate = {2023-09-25}
}
